% I fetched this from the NASA ADS
% They gave it the catchy name on the following line; I changed it to Einstein1905, but I could have called it anything: E05, SpecRel, bob...
%1905AnP...323..639E,
@ARTICLE{Einstein1905,
	author	= {{Einstein}, Albert},
	title		= "{Ist die Tr{\"a}gheit eines K{\"o}rpers von seinem Energieinhalt abh{\"a}ngig?}",
	journal	= {Annalen der Physik},
	year		= 1905,
	volume	= 323,
	pages	= {639-641},
	doi		= {10.1002/andp.19053231314},
	adsurl	= {http://ukads.nottingham.ac.uk/cgi-bin/nph-bib_query?bibcode=1905AnP...323..639E&db_key=AST},
	adsnote	= {Provided by the Smithsonian/NASA Astrophysics Data System}
}

@article{Distributed2013mikolov,
  author    = {Tomas Mikolov and
               Ilya Sutskever and
               Kai Chen and
               Greg Corrado and
               Jeffrey Dean},
  title     = {Distributed Representations of Words and Phrases and their Compositionality},
  journal   = {CoRR},
  volume    = {abs/1310.4546},
  year      = {2013},
  url       = {http://arxiv.org/abs/1310.4546},
  archivePrefix = {arXiv},
  eprint    = {1310.4546},
  timestamp = {Mon, 13 Aug 2018 16:47:09 +0200},
  biburl    = {https://dblp.org/rec/bib/journals/corr/MikolovSCCD13},
  bibsource = {dblp computer science bibliography, https://dblp.org}
}

@inbook{wordembedding2017yang,
author = {Li, Yang and Yang, Tao},
year = {2017},
month = {05},
pages = {},
title = {Word Embedding for Understanding Natural Language: A Survey},
volume = {26},
isbn = {978-3-319-53817-4},
doi = {10.1007/978-3-319-53817-4}
}

@article{distributional1954harris,
author = {S. Harris, Zellig},
year = {1954},
month = {08},
pages = {146-162},
title = {Distributional Structure},
volume = {10},
journal = {Word},
doi = {10.1007/978-94-009-8467-7_1}
}

@article{neural2016lample,
  author    = {Guillaume Lample and
               Miguel Ballesteros and
               Sandeep Subramanian and
               Kazuya Kawakami and
               Chris Dyer},
  title     = {Neural Architectures for Named Entity Recognition},
  journal   = {CoRR},
  volume    = {abs/1603.01360},
  year      = {2016},
  url       = {http://arxiv.org/abs/1603.01360},
  archivePrefix = {arXiv},
  eprint    = {1603.01360},
  timestamp = {Mon, 13 Aug 2018 16:47:39 +0200},
  biburl    = {https://dblp.org/rec/bib/journals/corr/LampleBSKD16},
  bibsource = {dblp computer science bibliography, https://dblp.org}
}

@inbook{size2018kutuzov,
author = {Kutuzov, Andrei and Kunilovskaya, Maria},
year = {2018},
month = {01},
pages = {47-58},
title = {Size vs. Structure in Training Corpora for Word Embedding Models: Araneum Russicum Maximum and Russian National Corpus},
isbn = {978-3-319-73012-7},
doi = {10.1007/978-3-319-73013-4_5}
} 

@inproceedings{apractical1992cutting,
 author = {Cutting, Doug and Kupiec, Julian and Pedersen, Jan and Sibun, Penelope},
 title = {A Practical Part-of-speech Tagger},
 booktitle = {Proceedings of the Third Conference on Applied Natural Language Processing},
 series = {ANLC '92},
 year = {1992},
 location = {Trento, Italy},
 pages = {133--140},
 numpages = {8},
 url = {https://doi.org/10.3115/974499.974523},
 doi = {10.3115/974499.974523},
 acmid = {974523},
 publisher = {Association for Computational Linguistics},
 address = {Stroudsburg, PA, USA},
} 

@inproceedings{tnt2000Brants,
 author = {Brants, Thorsten},
 title = {TnT: A Statistical Part-of-speech Tagger},
 booktitle = {Proceedings of the Sixth Conference on Applied Natural Language Processing},
 series = {ANLC '00},
 year = {2000},
 location = {Seattle, Washington},
 pages = {224--231},
 numpages = {8},
 url = {https://doi.org/10.3115/974147.974178},
 doi = {10.3115/974147.974178},
 acmid = {974178},
 publisher = {Association for Computational Linguistics},
 address = {Stroudsburg, PA, USA},
} 

@inproceedings{finding2015ling,
    title = "Finding Function in Form: Compositional Character Models for Open Vocabulary Word Representation",
    author = "Ling, Wang  and
      Dyer, Chris  and
      Black, Alan W.  and
      Trancoso, Isabel  and
      Fermandez, Ramon  and
      Amir, Silvio  and
      Marujo, Luis  and
      Luis, Tiago",
    booktitle = "Proceedings of the 2015 Conference on Empirical Methods in Natural Language Processing",
    month = sep,
    year = "2015",
    address = "Lisbon, Portugal",
    publisher = "Association for Computational Linguistics",
    url = "https://www.aclweb.org/anthology/D15-1176",
    doi = "10.18653/v1/D15-1176",
    pages = "1520--1530",
}

@article{mimicking2017Pinter,
   title={Mimicking Word Embeddings using Subword RNNs},
   url={http://dx.doi.org/10.18653/v1/d17-1010},
   DOI={10.18653/v1/d17-1010},
   journal={Proceedings of the 2017 Conference on Empirical Methods in Natural
          Language Processing},
   publisher={Association for Computational Linguistics},
   author={Pinter, Yuval and Guthrie, Robert and Eisenstein, Jacob},
   year={2017}
}

@article{character2015kim,
  author    = {Yoon Kim and
               Yacine Jernite and
               David Sontag and
               Alexander M. Rush},
  title     = {Character-Aware Neural Language Models},
  journal   = {CoRR},
  volume    = {abs/1508.06615},
  year      = {2015},
  url       = {http://arxiv.org/abs/1508.06615},
  archivePrefix = {arXiv},
  eprint    = {1508.06615},
  timestamp = {Mon, 13 Aug 2018 16:46:28 +0200},
  biburl    = {https://dblp.org/rec/bib/journals/corr/KimJSR15},
  bibsource = {dblp computer science bibliography, https://dblp.org}
}

@article{forrester2008abrief,
  author    = {Julie C. Forrester},
  journal   = {CCSE},
  volume    = {abs/1508.06615},
  year      = {2008},
  url       =
  {http://www.ccsenet.org/journal/index.php/ass/article/view/1610},
  volume = {4},
  number = {4},
  month = {4},
  title = {A Brief Overview of English as a Language in Change}
}

@article{ghosh2017correction,
  author    = {Shaona Ghosh and
               Per Ola Kristensson},
  title     = {Neural Networks for Text Correction and Completion in Keyboard Decoding},
  journal   = {CoRR},
  volume    = {abs/1709.06429},
  year      = {2017},
  url       = {http://arxiv.org/abs/1709.06429},
  archivePrefix = {arXiv},
  eprint    = {1709.06429},
  timestamp = {Mon, 13 Aug 2018 16:49:10 +0200},
  biburl    = {https://dblp.org/rec/bib/journals/corr/abs-1709-06429},
  bibsource = {dblp computer science bibliography, https://dblp.org}
}
 
@inproceedings{tissier2017dict2vec,
    title = "{D}ict2vec : Learning Word Embeddings using Lexical Dictionaries",
    author = "Tissier, Julien  and
      Gravier, Christophe  and
      Habrard, Amaury",
    booktitle = "Proceedings of the 2017 Conference on Empirical Methods in Natural Language Processing",
    month = sep,
    year = "2017",
    address = "Copenhagen, Denmark",
    publisher = "Association for Computational Linguistics",
    url = "https://www.aclweb.org/anthology/D17-1024",
    doi = "10.18653/v1/D17-1024",
    pages = "254--263",
    abstract = "Learning word embeddings on large unlabeled corpus has been shown to be successful in improving many natural language tasks. The most efficient and popular approaches learn or retrofit such representations using additional external data. Resulting embeddings are generally better than their corpus-only counterparts, although such resources cover a fraction of words in the vocabulary. In this paper, we propose a new approach, Dict2vec, based on one of the largest yet refined datasource for describing words {--} natural language dictionaries. Dict2vec builds new word pairs from dictionary entries so that semantically-related words are moved closer, and negative sampling filters out pairs whose words are unrelated in dictionaries. We evaluate the word representations obtained using Dict2vec on eleven datasets for the word similarity task and on four datasets for a text classification task.",
}

@article{grave2018efficientsoftmax,
  author    = {Edouard Grave and
               Armand Joulin and
               Moustapha Ciss{\'{e}} and
               David Grangier and
               Herv{\'{e}} J{\'{e}}gou},
  title     = {Efficient softmax approximation for GPUs},
  journal   = {CoRR},
  volume    = {abs/1609.04309},
  year      = {2016},
  url       = {http://arxiv.org/abs/1609.04309},
  archivePrefix = {arXiv},
  eprint    = {1609.04309},
  timestamp = {Mon, 13 Aug 2018 16:47:34 +0200},
  biburl    = {https://dblp.org/rec/bib/journals/corr/GraveJCGJ16},
  bibsource = {dblp computer science bibliography, https://dblp.org}
}

@inproceedings{polyglot2013alrfou,
    title = "{P}olyglot: Distributed Word Representations for Multilingual {NLP}",
    author = "Al-Rfou, Rami  and
      Perozzi, Bryan  and
      Skiena, Steven",
    booktitle = "Proceedings of the Seventeenth Conference on Computational Natural Language Learning",
    month = aug,
    year = "2013",
    address = "Sofia, Bulgaria",
    publisher = "Association for Computational Linguistics",
    url = "https://www.aclweb.org/anthology/W13-3520",
    pages = "183--192",
}

@inproceedings{pytorch2017paszke,
  title={Automatic Differentiation in {PyTorch}},
  author={Paszke, Adam and Gross, Sam and Chintala, Soumith and Chanan, Gregory and Yang, Edward and DeVito, Zachary and Lin, Zeming and Desmaison, Alban and Antiga, Luca and Lerer, Adam},
  booktitle={NIPS Autodiff Workshop},
  year={2017}
}

@inproceedings{dict2vect2017tissier,
    title = "{D}ict2vec : Learning Word Embeddings using Lexical Dictionaries",
    author = "Tissier, Julien  and
      Gravier, Christophe  and
      Habrard, Amaury",
    booktitle = "Proceedings of the 2017 Conference on Empirical Methods in Natural Language Processing",
    month = sep,
    year = "2017",
    address = "Copenhagen, Denmark",
    publisher = "Association for Computational Linguistics",
    url = "https://www.aclweb.org/anthology/D17-1024",
    doi = "10.18653/v1/D17-1024",
    pages = "254--263",
    abstract = "Learning word embeddings on large unlabeled corpus has been shown to be successful in improving many natural language tasks. The most efficient and popular approaches learn or retrofit such representations using additional external data. Resulting embeddings are generally better than their corpus-only counterparts, although such resources cover a fraction of words in the vocabulary. In this paper, we propose a new approach, Dict2vec, based on one of the largest yet refined datasource for describing words {--} natural language dictionaries. Dict2vec builds new word pairs from dictionary entries so that semantically-related words are moved closer, and negative sampling filters out pairs whose words are unrelated in dictionaries. We evaluate the word representations obtained using Dict2vec on eleven datasets for the word similarity task and on four datasets for a text classification task.",
}

@inproceedings{convolutional2014kim,
    title = "Convolutional Neural Networks for Sentence Classification",
    author = "Kim, Yoon",
    booktitle = "Proceedings of the 2014 Conference on Empirical Methods in Natural Language Processing ({EMNLP})",
    month = oct,
    year = "2014",
    address = "Doha, Qatar",
    publisher = "Association for Computational Linguistics",
    url = "https://www.aclweb.org/anthology/D14-1181",
    doi = "10.3115/v1/D14-1181",
    pages = "1746--1751",
}

@book{imageprocessing2018tyagi,
  author = {Tyagi, Vipin},
  year = {2018},
  month = {09},
  pages = {},
  title = {Understanding Digital Image Processing},
  isbn = {9781315123905},
  doi = {10.1201/9781315123905},
  PUBLISHER = {CRC Press},
}

@article{sound1995rocchesso,
author = {Rocchesso, Davide},
year = {1995},
month = {12},
pages = {},
title = {Sound Processing},
volume = {19},
journal = {Computer Music Journal},
doi = {10.2307/3680990}
}

@book{Goodfellow-et-al-2016,
    title={Deep Learning},
    author={Ian Goodfellow and Yoshua Bengio and Aaron Courville},
    publisher={MIT Press},
    note={\url{http://www.deeplearningbook.org}},
    year={2016}
}

@inbook{generalization1989lecun,
title = "Generalization and network design strategies",
author = "Yann LeCun",
year = "1989",
language = "English (US)",
editor = "R. Pfeifer and Z. Schreter and F. Fogelman and L. Steels",
booktitle = "Connectionism in perspective",
publisher = "Elsevier",
}

@book{speech2009Jurafsky:2009:SLP:1214993,
 author = {Jurafsky, Daniel and Martin, James H.},
 title = {Speech and Language Processing (3rd Edition)},
 year = {2009},
 isbn = {0131873210},
 publisher = {Prentice-Hall, Inc.},
 address = {Upper Saddle River, NJ, USA},
} 

@article{predicting2019garneau,
  author    = {Nicolas Garneau and
               Jean{-}Samuel Leboeuf and
               Luc Lamontagne},
  title     = {Predicting and interpreting embeddings for out of vocabulary words
               in downstream tasks},
  journal   = {CoRR},
  volume    = {abs/1903.00724},
  year      = {2019},
  url       = {http://arxiv.org/abs/1903.00724},
  archivePrefix = {arXiv},
  eprint    = {1903.00724},
  timestamp = {Sat, 30 Mar 2019 19:27:21 +0100},
  biburl    = {https://dblp.org/rec/bib/journals/corr/abs-1903-00724},
  bibsource = {dblp computer science bibliography, https://dblp.org}
}

@article{mapping2012eisenstein,
author = {Eisenstein, Jacob and O'Connor, Brendan and A. Smith, Noah and P. Xing, Eric},
year = {2012},
month = {10},
pages = {},
title = {Mapping the geographical diffusion of new words},
volume = {9},
journal = {PLOS ONE},
doi = {10.1371/journal.pone.0113114}
}

@inproceedings{Liu2010SentimentAA,
  title={Sentiment Analysis and Subjectivity},
  author={Bing Liu},
  booktitle={Handbook of Natural Language Processing},
  year={2010}
}

@inproceedings{efficient2013mikolov,
  author    = {Tomas Mikolov and
               Kai Chen and
               Greg Corrado and
               Jeffrey Dean},
  title     = {Efficient Estimation of Word Representations in Vector Space},
  booktitle = {1st International Conference on Learning Representations, {ICLR} 2013,
               Scottsdale, Arizona, USA, May 2-4, 2013, Workshop Track Proceedings},
  year      = {2013}
}